<record><leader>00000cas a2200000Ma 4500</leader><controlfield tag="001">669992701</controlfield><controlfield tag="008">840815d18571861wvuwr nea     0    0eng d</controlfield><controlfield tag="009">453</controlfield><datafield ind1=" " ind2=" " tag="010"><subfield code="a">sn 84037807 </subfield></datafield><datafield ind1=" " ind2=" " tag="040"><subfield code="a">AQM</subfield><subfield code="c">VA@</subfield></datafield><datafield ind1="0" ind2="0" tag="245"><subfield code="a">Ceredo crescent</subfield><subfield code="h">[microform].</subfield></datafield><datafield ind1=" " ind2=" " tag="260"><subfield code="a">Ceredo, Va. [W. Va.] :</subfield><subfield code="b">W.B. Wilson,</subfield><subfield code="c">1857-</subfield></datafield><datafield ind1=" " ind2=" " tag="300"><subfield code="a">v. ;</subfield><subfield code="c">30 cm.</subfield></datafield><datafield ind1=" " ind2=" " tag="310"><subfield code="a">Weekly</subfield></datafield><datafield ind1="0" ind2=" " tag="362"><subfield code="a">Vol. 1, no. 1 (Oct. 24, 1857)-</subfield></datafield><datafield ind1="1" ind2=" " tag="362"><subfield code="a">Ceased in late 1861.</subfield><subfield code="z">Cf. Hardesty, H.H. Hardesty's Historical and Geographical Encylopedia . . . Wayne Co.</subfield></datafield><datafield ind1=" " ind2=" " tag="500"><subfield code="a">Publisher varies: C.B. Webb, &lt;1858-1860&gt;.</subfield></datafield><datafield ind1=" " ind2=" " tag="530"><subfield code="a">Microfilm.</subfield></datafield><datafield ind1=" " ind2="0" tag="651"><subfield code="a">Ceredo (W. Va.)</subfield><subfield code="v">Newspapers.</subfield></datafield><datafield ind1=" " ind2="0" tag="651"><subfield code="a">Wayne County (W. Va.)</subfield><subfield code="v">Newspapers.</subfield></datafield><datafield ind1=" " ind2=" " tag="752"><subfield code="a">United States</subfield><subfield code="b">West Virginia</subfield><subfield code="c">Wayne</subfield><subfield code="d">Ceredo.</subfield></datafield></record>